@Book{Pup09,
  author =		 {Василий Пупкин and Эйнштейн, А.},
  title = 		 {\LaTeX для <<чайников>>},
  publisher = 	 {М.},
  pagetotal = {299},
  year = 		 {2009},
  language =     {russian}
}

@online{wiki:latex,
  author = {Wikipedia},
  title = {Типографика --- Википедия},
  year = {2012},
  url = {https://ru.wikipedia.org/wiki/Типографика},
  urldate = {2012-01-25},
  language = {russian}
}
